

@Book{Brune,
	author = {Brune, O.},
	title = {Synthesis of a finite two-terminal network
	whose driving-point impedance is a prescribed
	function of frequency. Thesis (Sc. D.)},
	publisher = {Massachusetts Institute of Technology,
	Dept. of Electrical Engineering, Massachusetts},
	year = {1931},}
@Article{AlonsoRuiz,
	author = {Alonso Ruiz, Patricia},
	title = {Power dissipation in fractal {Feynman}-{Sierpinski}
	{A}{C} circuits},
	journal = {Journal of Mathematical Physics},
	year = {2017},
	volume = {58},
	pages = {215--237},}